<record><leader>00000cas a22000007a 4500</leader><controlfield tag="001">12774511</controlfield><controlfield tag="008">851108d18921908paudn ne      0    0eng d</controlfield><datafield ind1=" " ind2=" " tag="010"><subfield code="a">sn 85054842 </subfield></datafield><datafield ind1=" " ind2=" " tag="040"><subfield code="a">NPH</subfield><subfield code="b">eng</subfield><subfield code="c">NPH</subfield><subfield code="d">OCLCQ</subfield></datafield><datafield ind1=" " ind2=" " tag="042"><subfield code="a">msc</subfield></datafield><datafield ind1="0" ind2="4" tag="245"><subfield code="a">The Bloomsburg daily.</subfield></datafield><datafield ind1=" " ind2=" " tag="260"><subfield code="a">Bloomsburg, Pa. :</subfield><subfield code="b">Wm. Krickbaum,</subfield><subfield code="c">1892-1908.</subfield></datafield><datafield ind1=" " ind2=" " tag="300"><subfield code="a">16 v.</subfield></datafield><datafield ind1=" " ind2=" " tag="310"><subfield code="a">Daily (except Sunday)</subfield></datafield><datafield ind1="0" ind2=" " tag="362"><subfield code="a">Vol. 1, no. 1 (Feb. 1, 1892)-v. 17, no. 300 (July 31, 1908).</subfield></datafield><datafield ind1=" " ind2=" " tag="580"><subfield code="a">Continued by: Daily mail (Bloomsburg, Pa.). Cf. Beers, J.H. Historical and biographical annals of Columbia and Montour Counties, Pa.</subfield></datafield><datafield ind1=" " ind2=" " tag="752"><subfield code="a">United States</subfield><subfield code="b">Pennsylvania</subfield><subfield code="c">Columbia</subfield><subfield code="d">Bloomsburg.</subfield></datafield><datafield ind1="1" ind2="0" tag="785"><subfield code="t">Daily mail (Bloomsburg, Pa.)</subfield><subfield code="w">(DLC)sn 85054843</subfield></datafield><datafield ind1="1" ind2=" " tag="029"><subfield code="a">AU@</subfield><subfield code="b">000025801525</subfield></datafield></record>